@article{examples_nn__kulik_2009,
  title={Examples of application of the neural networks in techniques for the forensic handwriting expert},
  author={Kulik, SD and Nikonets, DA},
  journal={Neurocomputers: design and application},
  volume={9},
  pages={61--85},
  year={2009}
}

@article{nn_dna_sequences__snyder_1993,
    author = {Snyder, Eric E. and Stormo, Gary D.},
    title = {Identification of coding regions in genomic DNA sequences: an application of dynamic programming and neural networks},
    journal = {Nucleic Acids Research},
    volume = {21},
    number = {3},
    pages = {607-613},
    year = {1993},
    month = {02},
    issn = {0305-1048},
    doi = {10.1093/nar/21.3.607},
    url = {https://doi.org/10.1093/nar/21.3.607},
    eprint = {https://academic.oup.com/nar/article-pdf/21/3/607/7073028/21-3-607.pdf},
}

@article{machine_translation__mahata_2019,
  title={Mtil2017: Machine translation using recurrent neural network on statistical machine translation},
  author={Mahata, Sainik Kumar and Das, Dipankar and Bandyopadhyay, Sivaji},
  journal={Journal of Intelligent Systems},
  volume={28},
  number={3},
  pages={447--453},
  year={2019},
  publisher={De Gruyter}
}

@inproceedings{chatbot_customer_service__nuruzzaman_2018,
  title={A survey on chatbot implementation in customer service industry through deep neural networks},
  author={Nuruzzaman, Mohammad and Hussain, Omar Khadeer},
  booktitle={2018 IEEE 15th international conference on e-business engineering (ICEBE)},
  pages={54--61},
  year={2018},
  organization={IEEE}
}

@article{conv_nn_face_recog__chowanda_2019,
  title={Convolutional neural network for face recognition in mobile phones},
  author={Chowanda, Andry and Sutoyo, Rhio},
  journal={ICIC Express Letters},
  volume={13},
  number={7},
  pages={569--574},
  year={2019}
}

@article{slam_vehicles__saleem_2023,
  title={Neural network-based recent research developments in SLAM for autonomous ground vehicles: A review},
  author={Saleem, Hajira and Malekian, Reza and Munir, Hussan},
  journal={IEEE Sensors Journal},
  volume={23},
  number={13},
  pages={13829--13858},
  year={2023},
  publisher={IEEE}
}

@book{rna_fundamentos__hilera_2021,
  title={Redes neuronales artificiales: fundamentos, modelos y aplicaciones},
  author={Gonz{\'a}lez, Jos{\'e} Ram{\'o}n Hilera and Hernando, V{\'\i}ctor Jos{\'e} Mart{\'\i}nez},
  year={1995},
  publisher={RA-MA Editorial}
}

@article{nn_fundamentals__thakur_2021,
    author = {Thakur, Amey and Konde, Archit},
    year = {2021},
    month = {08},
    pages = {407-426},
    title = {Fundamentals of Neural Networks},
    volume = {9},
    journal = {International Journal for Research in Applied Science and Engineering Technology},
    doi = {10.22214/ijraset.2021.37362}
}

@misc{yolo_docs__2024,
    author={Ultralytics Inc.},
    title={MNIST - Ultralytics YOLO Docs},
    url={https://docs.ultralytics.com/es/datasets/classify/mnist/},
    urldate={17/09/2024},
    year={2024}
}

@article{neurocomputing__hecht_nielsen_1998,
  title={Neurocomputing: picking the human brain},
  author={Hecht-Nielsen, Robert},
  journal={IEEE spectrum},
  volume={25},
  number={3},
  pages={36--41},
  year={1988},
  publisher={IEEE}
}

@article{intro_rna__rivera_2005,
  title={Introducci{\'o}n a las Redes Neuronales Artificiales.},
  author={Rivera, Eduardo},
  year={2005},
  publisher={Editorial Universidad Don Bosco},
  journal={Universidad Don Bosco}
}

@book{dl_python__chollet_2021,
  title={Deep learning with Python},
  author={Chollet, Francois and Chollet, Fran{\c{c}}ois},
  year={2021},
  publisher={Simon and Schuster}
}

@book{dl_fundamentos__casas_roma_2020,
    author = {{Casas Roma, J.}, {Lozano Bagén, T.} y {Bosch Rué, A.}},
    title = {Deep learning: Principios y fundamentos},
    publisher = {Editorial UOC},
    year = {2020}
}

@book{analisis_matematico__gordon_1995,
  title={Problemas de an{\'a}lisis matem{\'a}tico},
  author={Gordon, Fernando Bombal and Boti, Gabriel Vera and Mar{\'\i}n, Luis Rodr{\'\i}guez},
  publisher={Alfa Centauro, S.A.},
  year={1986}
}

@book{nn_dl__michael_nielsen_2015,
  title={Neural networks and deep learning},
  author={Nielsen, Michael A},
  volume={25},
  year={2015},
  publisher={Determination press San Francisco, CA, USA}
}

@article{perceptron__rosenblatt_1958,
  title={The perceptron: a probabilistic model for information storage and organization in the brain.},
  author={Rosenblatt, Frank},
  journal={Psychological review},
  volume={65},
  number={6},
  pages={386},
  year={1958},
  publisher={American Psychological Association}
}

@book{dl__goodfellow_2016,
  title={Deep learning},
  author={Goodfellow, Ian and Bengio, Yoshua and Courville, Aaron and Bengio, Yoshua},
  volume={1},

  year={2016},
  publisher={MIT press Cambridge}
}

@book{iml__molnar_2025,
  title={Interpretable Machine Learning},
  subtitle={A Guide for Making Black Box Models Explainable},
  author={Christoph Molnar},
  year={2025},
  edition={3},
  isbn={978-3-911578-03-5},
  url={https://christophm.github.io/interpretable-ml-book}
}

@misc{visualizing__simonyan__2014,
      title={Deep Inside Convolutional Networks: Visualising Image Classification Models and Saliency Maps},
      author={Karen Simonyan and Andrea Vedaldi and Andrew Zisserman},
      year={2014},
      eprint={1312.6034},
      archivePrefix={arXiv},
      primaryClass={cs.CV},
      url={https://arxiv.org/abs/1312.6034},
}

@article{lecun-98,
	author={Lecun, Y. and Bottou, L. and Bengio, Y. and Haffner, P.},
	journal={Proceedings of the IEEE},
	title={Gradient-based learning applied to document recognition},
	year={1998},
	volume={86},
	number={11},
	pages={2278-2324},
	keywords={Neural networks;Pattern recognition;Machine learning;Optical character recognition software;Character recognition;Feature extraction;Multi-layer neural network;Optical computing;Hidden Markov models;Principal component analysis},
	doi={10.1109/5.726791}
}

@article{Krizhevsky2012ImageNetCW,
	title={ImageNet classification with deep convolutional neural networks},
	author={Alex Krizhevsky and Ilya Sutskever and Geoffrey E. Hinton},
	journal={Communications of the ACM},
	year={2012},
	volume={60},
	pages={84 - 90},
	url={https://api.semanticscholar.org/CorpusID:195908774}
}

@article{Selvaraju17-gradcam,
	author={Selvaraju, Ramprasaath R. and Cogswell, Michael and Das, Abhishek and Vedantam, Ramakrishna and Parikh, Devi and Batra, Dhruv},
	booktitle={2017 IEEE International Conference on Computer Vision (ICCV)},
	title={Grad-CAM: Visual Expl anations from Deep Networks via Gradient-Based Localization},
	year={2017},
	pages={618-626},
	keywords={Visualization;Cats;Dogs;Computer architecture;Knowledge discovery},
	doi={10.1109/ICCV.2017.74}
}

@misc{pytorch-web,
	author = {Contributors, PyTorch},
	title = {{PyTorch documentation}},
	url = {https://docs.pytorch.org/docs/stable/index.html?ajs_aid=88edefef-263d-44cf-8f7e-cb9b525c6afd},
}

@misc{googledev-rocauc,
	title = {{Classification: ROC and AUC}},
	url = {https://developers.google.com/machine-learning/crash-course/classification/roc-and-auc},
}

@misc{imagenet-web,
	title = {{ImageNet}},
	url = {https://image-net.org/challenges/LSVRC/},
}

@book{zhang2023dive,
	title={Dive into Deep Learning},
	author={Zhang, Aston and Lipton, Zachary C. and Li, Mu and Smola, Alexander J.},
	publisher={Cambridge University Press},
	note={\url{https://D2L.ai}},
	year={2023}
}

@misc{backpropagation_cs231n_karpathy,
	author = {Andrej Karpathy},
	month = {1},
	title = {{CS231N Winter 2016: Lecture 4: Backpropagation, Neural Networks 1}},
	year = {2016},
	url = {https://www.youtube.com/watch?v=i94OvYb6noo},
}
